@book{levy1993tecnologias,
  title={As tecnologias da intelig{\^e}ncia},
  author={L{\'e}vy, Pierre and da Costa, Carlos Irineu},
  year={1993},
  publisher={Editora 34}
}

@article{weiser1993hot,
  title={Hot topics-ubiquitous computing},
  author={Weiser, Mark},
  journal={Computer},
  volume={26},
  number={10},
  pages={71--72},
  year={1993},
  publisher={IEEE}
}

@article{diaz2016state,
  title={State-of-the-art, challenges, and open issues in the integration of internet of things and cloud computing},
  author={D{\'\i}az, Manuel and Mart{\'\i}n, Cristian and Rubio, Bartolom{\'e}},
  journal={Journal of Network and Computer Applications},
  volume={67},
  pages={99--117},
  year={2016},
  publisher={Elsevier}
}

@article{bradley2015internet,
  title={The Internet of Things--The future or the end of mechatronics},
  author={Bradley, David and Russell, David and Ferguson, Ian and Isaacs, John and MacLeod, Allan and White, Roger},
  journal={Mechatronics},
  volume={27},
  pages={57--74},
  year={2015},
  publisher={Elsevier}
}

@article{lee2015internet,
  title={The Internet of Things (IoT): Applications, investments, and challenges for enterprises},
  author={Lee, In and Lee, Kyoochun},
  journal={Business Horizons},
  volume={58},
  number={4},
  pages={431--440},
  year={2015},
  publisher={Elsevier}
}

@article{chavez2013propagation,
  title={Propagation models for IEEE 802.15. 6 standardization of implant communication in body area networks},
  author={Ch{\'a}vez-Santiago, Ra{\'u}l and Sayrafian-Pour, Kamran and Khaleghi, Ali and Takizawa, Kenichi and Wang, Jianqing and Balasingham, Ilangko and Li, Huan-Bang},
  journal={IEEE Communications Magazine},
  volume={51},
  number={8},
  pages={80--87},
  year={2013},
  publisher={IEEE}
}

@book{nilsson2014principles,
  title={Principles of artificial intelligence},
  author={Nilsson, Nils J},
  year={2014},
  publisher={Morgan Kaufmann}
}

@article{abowd2000charting,
  title={Charting past, present, and future research in ubiquitous computing},
  author={Abowd, Gregory D and Mynatt, Elizabeth D},
  journal={ACM Transactions on Computer-Human Interaction (TOCHI)},
  volume={7},
  number={1},
  pages={29--58},
  year={2000},
  publisher={ACM}
}

@article{botta2016integration,
  title={Integration of cloud computing and internet of things: a survey},
  author={Botta, Alessio and de Donato, Walter and Persico, Valerio and Pescap{\'e}, Antonio},
  journal={Future Generation Computer Systems},
  volume={56},
  pages={684--700},
  year={2016},
  publisher={Elsevier}
}

@article{gravina2017multi,
  title={Multi-sensor fusion in body sensor networks: State-of-the-art and research challenges},
  author={Gravina, Raffaele and Alinia, Parastoo and Ghasemzadeh, Hassan and Fortino, Giancarlo},
  journal={Information Fusion},
  volume={35},
  pages={68--80},
  year={2017},
  publisher={Elsevier}
}

@article{sung2012data,
  title={Data fusion of multi-sensor for IOT precise measurement based on improved PSO algorithms},
  author={Sung, Wen-Tsai and Tsai, Ming-Han},
  journal={Computers \& Mathematics with Applications},
  volume={64},
  number={5},
  pages={1450--1461},
  year={2012},
  publisher={Elsevier}
}

@inproceedings{kenchannavar2015optimization,
  title={Optimization techniques to improve lifetime of wireless sensor networks: A review},
  author={Kenchannavar, Harish H and Beedakar, Sandeep and Kulkarni, Umakant P},
  booktitle={Energy Systems and Applications, 2015 International Conference on},
  pages={446--450},
  year={2015},
  organization={IEEE}
}

@article{domingo2012overview,
  title={An overview of the Internet of Things for people with disabilities},
  author={Domingo, Mari Carmen},
  journal={Journal of Network and Computer Applications},
  volume={35},
  number={2},
  pages={584--596},
  year={2012},
  publisher={Elsevier}
}

@article{atzori2010internet,
  title={The internet of things: A survey},
  author={Atzori, Luigi and Iera, Antonio and Morabito, Giacomo},
  journal={Computer networks},
  volume={54},
  number={15},
  pages={2787--2805},
  year={2010},
  publisher={Elsevier}
}

@inproceedings{darshan2015comprehensive,
  title={A comprehensive review on usage of Internet of Things (IoT) in healthcare system},
  author={Darshan, KR and Anandakumar, KR},
  booktitle={Emerging Research in Electronics, Computer Science and Technology (ICERECT), 2015 International Conference on},
  pages={132--136},
  year={2015},
  organization={IEEE}
}

@article{gubbi2013internet,
  title={Internet of Things (IoT): A vision, architectural elements, and future directions},
  author={Gubbi, Jayavardhana and Buyya, Rajkumar and Marusic, Slaven and Palaniswami, Marimuthu},
  journal={Future Generation Computer Systems},
  volume={29},
  number={7},
  pages={1645--1660},
  year={2013},
  publisher={Elsevier}
}

@article{weber2010internet,
  title={Internet of Things--New security and privacy challenges},
  author={Weber, Rolf H},
  journal={Computer Law \& Security Review},
  volume={26},
  number={1},
  pages={23--30},
  year={2010},
  publisher={Elsevier}
}

@article{miorandi2012internet,
  title={Internet of things: Vision, applications and research challenges},
  author={Miorandi, Daniele and Sicari, Sabrina and De Pellegrini, Francesco and Chlamtac, Imrich},
  journal={Ad Hoc Networks},
  volume={10},
  number={7},
  pages={1497--1516},
  year={2012},
  publisher={Elsevier}
}

@article{roman2011key,
  title={Key management systems for sensor networks in the context of the Internet of Things},
  author={Roman, Rodrigo and Alcaraz, Cristina and Lopez, Javier and Sklavos, Nicolas},
  journal={Computers \& Electrical Engineering},
  volume={37},
  number={2},
  pages={147--159},
  year={2011},
  publisher={Elsevier}
}

@article{gil2016internet,
  title={Internet of Things: A Review of Surveys Based on Context Aware Intelligent Services},
  author={Gil, David and Ferr{\'a}ndez, Antonio and Mora-Mora, Higinio and Peral, Jes{\'u}s},
  journal={Sensors},
  volume={16},
  number={7},
  pages={1069},
  year={2016},
  publisher={Multidisciplinary Digital Publishing Institute}
}

@inproceedings{salman2015architecture,
  title={An architecture for the Internet of Things with decentralized data and centralized control},
  author={Salman, Ola and Elhajj, Imad and Kayssi, Ayman and Chehab, Ali},
  booktitle={Computer Systems and Applications (AICCSA), 2015 IEEE/ACS 12th International Conference of},
  pages={1--8},
  year={2015},
  organization={IEEE}
}

@article{dimitrov2016medical,
  title={Medical internet of things and big data in healthcare},
  author={Dimitrov, Dimiter V},
  journal={Healthcare Informatics Research},
  volume={22},
  number={3},
  pages={156--163},
  year={2016}
}

@inproceedings{su2016stream,
  title={Stream Reasoning for the Internet of Things: Challenges and Gap Analysis.},
  author={Su, Xiang and Gilman, Ekaterina and Wetz, Peter and Riekki, Jukka and Zuo, Yifei and Lepp{\"a}nen, Teemu},
  booktitle={WIMS},
  pages={1},
  year={2016}
}





@article{masood2015cloud,
  title={Cloud authorization: exploring techniques and approach towards effective access control framework},
  author={Masood, Rahat and Shibli, Muhammad Awais and Ghazi, Yumna and Kanwal, Ayesha and Ali, Arshad},
  journal={Frontiers of Computer Science},
  volume={9},
  number={2},
  pages={297--321},
  year={2015},
  publisher={Springer}
}

@article{tanenbaum2011computer,
  title={Computer networks, 5-th edition},
  author={Tanenbaum, Andrew S},
  journal={ed: Prentice Hall},
  year={2011}
}

@inproceedings{he2014nscc,
  title={NSCC: Self-Service Network Security Architecture for Cloud Computing},
  author={He, Jin and Dong, Mianxiong and Ota, Kaoru and Fan, Minyu and Wang, Guangwei},
  booktitle={Computational Science and Engineering (CSE), 2014 IEEE 17th International Conference on},
  pages={444--449},
  year={2014},
  organization={IEEE}
}

@inproceedings{rogers2007using,
  title={Using address independent seed encryption and bonsai merkle trees to make secure processors os-and performance-friendly},
  author={Rogers, Brian and Chhabra, Siddhartha and Prvulovic, Milos and Solihin, Yan},
  booktitle={Proceedings of the 40th Annual IEEE/ACM International Symposium on Microarchitecture},
  pages={183--196},
  year={2007},
  organization={IEEE Computer Society}
}

@inproceedings{gassend2003caches,
  title={Caches and hash trees for efficient memory integrity verification},
  author={Gassend, Blaise and Suh, G Edward and Clarke, Dwaine and Van Dijk, Marten and Devadas, Srinivas},
  booktitle={High-Performance Computer Architecture, 2003. HPCA-9 2003. Proceedings. The Ninth International Symposium on},
  pages={295--306},
  year={2003},
  organization={IEEE}
}

@article{magnusson2002simics,
  title={Simics: A full system simulation platform},
  author={Magnusson, Peter S and Christensson, Magnus and Eskilson, Jesper and Forsgren, Daniel and Hallberg, Gustav and Hogberg, Johan and Larsson, Fredrik and Moestedt, Andreas and Werner, Bengt},
  journal={Computer},
  volume={35},
  number={2},
  pages={50--58},
  year={2002},
  publisher={IEEE}
}

@inproceedings{chhabra2011secureme,
  title={SecureME: a hardware-software approach to full system security},
  author={Chhabra, Siddhartha and Rogers, Brian and Solihin, Yan and Prvulovic, Milos},
  booktitle={Proceedings of the international conference on Supercomputing},
  pages={108--119},
  year={2011},
  organization={ACM}
}

@inproceedings{sanka2010secure,
  title={Secure data access in cloud computing},
  author={Sanka, Sunil and Hota, Chittaranjan and Rajarajan, Muttukrishnan},
  booktitle={Internet Multimedia Services Architecture and Application (IMSAA), 2010 IEEE 4th International Conference on},
  pages={1--6},
  year={2010},
  organization={IEEE}
}

@inproceedings{steiner1996diffie,
  title={Diffie-Hellman key distribution extended to group communication},
  author={Steiner, Michael and Tsudik, Gene and Waidner, Michael},
  booktitle={Proceedings of the 3rd ACM conference on Computer and communications security},
  pages={31--37},
  year={1996},
  organization={ACM}
}

@inproceedings{bates2013towards,
  title={Towards secure provenance-based access control in cloud environments},
  author={Bates, Adam and Mood, Ben and Valafar, Masoud and Butler, Kevin},
  booktitle={Proceedings of the third ACM conference on Data and application security and privacy},
  pages={277--284},
  year={2013},
  organization={ACM}
}

@inproceedings{lang2010openpmf,
  title={Openpmf scaas: Authorization as a service for cloud \& soa applications},
  author={Lang, Ulrich},
  booktitle={Cloud Computing Technology and Science (CloudCom), 2010 IEEE Second International Conference on},
  pages={634--643},
  year={2010},
  organization={IEEE}
}

@article{almutairi2011distributed,
  title={A distributed access control architecture for cloud computing},
  author={Almutairi, Abdulrahman A and Sarfraz, Muhammad I and Basalamah, Saleh and Aref, Walid G and Ghafoor, Arif},
  journal={IEEE software},
  number={2},
  pages={36--44},
  year={2011},
  publisher={IEEE}
}

@inproceedings{sirisha2010api,
  title={API access control in cloud using the Role Based Access Control Model},
  author={Sirisha, Avvari and Kumari, G Geetha},
  booktitle={Trendz in Information Sciences \& Computing (TISC), 2010},
  pages={135--137},
  year={2010},
  organization={IEEE}
}

@inproceedings{zhang2012access,
  title={Access control as a service for public cloud storage},
  author={Zhang, Yang and Chen, Jun-Liang},
  booktitle={Distributed Computing Systems Workshops (ICDCSW), 2012 32nd International Conference on},
  pages={526--536},
  year={2012},
  organization={IEEE}
}

@inproceedings{mon2011privacy,
  title={The privacy-aware access control system using attribute-and role-based access control in private cloud},
  author={Mon, Ei Ei and Naing, Thinn Thu},
  booktitle={Broadband Network and Multimedia Technology (IC-BNMT), 2011 4th IEEE International Conference on},
  pages={447--451},
  year={2011},
  organization={IEEE}
}

@inproceedings{li2010fine,
  title={Fine-grained data access control systems with user accountability in cloud computing},
  author={Li, Jin and Zhao, Gansen and Chen, Xiaofeng and Xie, Dongqing and Rong, Chunming and Li, Wenjun and Tang, Lianzhang and Tang, Yong},
  booktitle={Cloud Computing Technology and Science (CloudCom), 2010 IEEE Second International Conference on},
  pages={89--96},
  year={2010},
  organization={IEEE}
}

@inproceedings{lazouski2012usage,
  title={Usage control in cloud systems},
  author={Lazouski, Aliaksandr and Mancini, Gaetano and Martinelli, Fabio and Mori, Paolo},
  booktitle={Internet Technology And Secured Transactions, 2012 International Conference for},
  pages={202--207},
  year={2012},
  organization={IEEE}
}

@inproceedings{yu2010achieving,
  title={Achieving secure, scalable, and fine-grained data access control in cloud computing},
  author={Yu, Shucheng and Wang, Cong and Ren, Kui and Lou, Wenjing},
  booktitle={INFOCOM, 2010 Proceedings IEEE},
  pages={1--9},
  year={2010},
  organization={Ieee}
}

@inproceedings{li2010multi,
  title={Multi-tenancy based access control in cloud},
  author={Li, Xiao-Yong and Shi, Yong and Guo, Yu and Ma, Wei},
  booktitle={Computational Intelligence and Software Engineering (CiSE), 2010 International Conference on},
  pages={1--4},
  year={2010},
  organization={IEEE}
}

@inproceedings{popa2010cloudpolice,
  title={CloudPolice: taking access control out of the network},
  author={Popa, Lucian and Yu, Minlan and Ko, Steven Y and Ratnasamy, Sylvia and Stoica, Ion},
  booktitle={Proceedings of the 9th ACM SIGCOMM Workshop on Hot Topics in Networks},
  pages={7},
  year={2010},
  organization={ACM}
}

@inproceedings{zhu2012saas,
  title={SaaS access control research based on ucon},
  author={Zhu, Junli and Wen, Qiaoyan},
  booktitle={Digital Home (ICDH), 2012 Fourth International Conference on},
  pages={331--334},
  year={2012},
  organization={IEEE}
}


@article{harnik2011secure,
  title={Secure access mechanism for cloud storage},
  author={Harnik, Danny and Kolodner, Elliot K and Ronen, Shahar and Satran, Julian and Shulman-Peleg, Alexandra and Tal, Sivan},
  journal={Scalable Computing: Practice and Experience},
  volume={12},
  number={3},
  year={2011}
}

@article{mell2011nist,
  title={The NIST definition of cloud computing (draft)},
  author={Mell, P. and Grance, T.},
  journal={NIST special publication},
  volume={800},
  pages={145},
  year={2011}
}

@inproceedings{popa2011enabling,
  title={Enabling Security in Cloud Storage SLAs with CloudProof.},
  author={Popa, Raluca Ada and Lorch, Jacob R and Molnar, David and Wang, Helen J and Zhuang, Li},
  booktitle={USENIX Annual Technical Conference},
  volume={242},
  year={2011}
}

@incollection{lu2013approach,
  title={An approach for bursty and self-similar workload generation},
  author={Lu, Xingjian and Yin, Jianwei and Chen, Hanwei and Zhao, Xinkui},
  booktitle={Web Information Systems Engineering--WISE 2013},
  pages={347--360},
  year={2013},
  publisher={Springer}
}

@inproceedings{merkle1980protocols,
  title={Protocols for public key cryptosystems},
  author={Merkle, Ralph C},
  booktitle={1980 IEEE Symposium on Security and Privacy},
  pages={122},
  year={1980},
  organization={IEEE Computer Society}
}

@article{yin2014system,
  title={System resource utilization analysis and prediction for cloud based applications under bursty workloads},
  author={Yin, Jianwei and Lu, Xingjian and Chen, Hanwei and Zhao, Xinkui and Xiong, Neal N},
  journal={Information Sciences},
  volume={279},
  pages={338--357},
  year={2014},
  publisher={Elsevier}
}

@article{casale2012dealing,
  title={Dealing with burstiness in multi-tier applications: Models and their parameterization},
  author={Casale, Giuliano and Mi, Ningfang and Cherkasova, Ludmila and Smirni, Evgenia},
  journal={Software Engineering, IEEE Transactions on},
  volume={38},
  number={5},
  pages={1040--1053},
  year={2012},
  publisher={IEEE}
}


@inproceedings{pacheco2011markovian,
  title={Markovian workload characterization for qos prediction in the cloud},
  author={Pacheco-Sanchez, Sergio and Casale, Giuliano and Scotney, Bryan and McClean, Sally and Parr, Gerard and Dawson, Stephen},
  booktitle={Cloud Computing (CLOUD), 2011 IEEE International Conference on},
  pages={147--154},
  year={2011},
  organization={IEEE}
}

@book{lu2010await,
  title={AWAIT: Efficient overload management for busy multi-tier web services under bursty workloads},
  author={Lu, Lei and Cherkasova, Ludmila and de Nitto Persone, Vittoria and Mi, Ningfang and Smirni, Evgenia},
  year={2010},
  publisher={Springer}
}

@article{mi2010sizing,
  title={Sizing multi-tier systems with temporal dependence: benchmarks and analytic models},
  author={Mi, Ningfang and Casale, Giuliano and Cherkasova, Ludmila and Smirni, Evgenia},
  journal={Journal of Internet Services and Applications},
  volume={1},
  number={2},
  pages={117--134},
  year={2010},
  publisher={Springer}
}

@inproceedings{zhang2011cloudvisor,
  title={CloudVisor: retrofitting protection of virtual machines in multi-tenant cloud with nested virtualization},
  author={Zhang, Fengzhe and Chen, Jin and Chen, Haibo and Zang, Binyu},
  booktitle={Proceedings of the Twenty-Third ACM Symposium on Operating Systems Principles},
  pages={203--216},
  year={2011},
  organization={ACM}
}

@inproceedings{xiong2012towards,
  title={Towards end-to-end secure content storage and delivery with public cloud},
  author={Xiong, Huijun and Zhang, Xinwen and Yao, Danfeng and Wu, Xiaoxin and Wen, Yonggang},
  booktitle={Proceedings of the second ACM conference on Data and Application Security and Privacy},
  pages={257--266},
  year={2012},
  organization={ACM}
}

@article{bessani2013depsky,
  title={DepSky: dependable and secure storage in a cloud-of-clouds},
  author={Bessani, Alysson and Correia, Miguel and Quaresma, Bruno and Andr{\'e}, Fernando and Sousa, Paulo},
  journal={ACM Transactions on Storage (TOS)},
  volume={9},
  number={4},
  pages={12},
  year={2013},
  publisher={ACM}
}

@inproceedings{blaze1993cryptographic,
  title={A cryptographic file system for UNIX},
  author={Blaze, Matt},
  booktitle={Proceedings of the 1st ACM conference on Computer and communications security},
  pages={9--16},
  year={1993},
  organization={ACM}
}

@inproceedings{goh2003sirius,
  title={SiRiUS: Securing Remote Untrusted Storage.},
  author={Goh, Eu-Jin and Shacham, Hovav and Modadugu, Nagendra and Boneh, Dan},
  booktitle={NDSS},
  volume={3},
  pages={131--145},
  year={2003}
}

@article{varadharajan2014security,
  title={Security as a service model for cloud environment},
  author={Varadharajan, Vijay and Tupakula, Udaya},
  journal={Network and Service Management, IEEE Transactions on},
  volume={11},
  number={1},
  pages={60--75},
  year={2014},
  publisher={IEEE}
}

@inproceedings{albahdal2014evaluation,
  title={Evaluation of Security Supporting Mechanisms in Cloud Storage},
  author={Albahdal, Abdullah A and Alsolami, Fahad and Alsaadi, Fawaz},
  booktitle={Information Technology: New Generations (ITNG), 2014 11th International Conference on},
  pages={285--292},
  year={2014},
  organization={IEEE}
}

@article{he2014secure,
  title={Secure, Efficient and Fine-Grained Data Access Control Mechanism for P2P Storage Cloud},
  author={He, Heng and Li, Ruixuan and Dong, Xinhua and Zhang, Zhao},
  journal={Cloud Computing, IEEE Transactions on},
  volume={2},
  number={4},
  pages={471--484},
  year={2014},
  publisher={IEEE}
}

@article{huang2014,
  title={Prediction-based Dynamic resource Scheduling for Virtualized Cloud Systems},
  author={Qingjia, H. and Kai, S. and Peng, X. and Jian, L. and Xu, L. and Sen, S.},
  journal={Journal of Networks},
  volume={9},
  number={2},
  pages={375--383},
  year={2014},
  publisher={Academy Publisher}
}

@incollection{blaze1998divertible,
  title={Divertible protocols and atomic proxy cryptography},
  author={Blaze, Matt and Bleumer, Gerrit and Strauss, Martin},
  booktitle={Advances in Cryptology -- EUROCRYPT'98},
  pages={127--144},
  year={1998},
  publisher={Springer}
}

@inproceedings{bethencourt2007ciphertext,
  title={Ciphertext-policy attribute-based encryption},
  author={Bethencourt, John and Sahai, Amit and Waters, Brent},
  booktitle={Security and Privacy, 2007. SP'07. IEEE Symposium on},
  pages={321--334},
  year={2007},
  organization={IEEE}
}

@inproceedings{CongMicroDataCenter,
  title={Prediction technique for resource allocation in Micro Data Center},
  author={Cong-Thinh, H. and Eui-Nam, H.},
  booktitle={Information Networking, 2015 International Conference on},
  pages={483--486},
  year={2015},
  organization={IEEE}
}

@article{fernandes2014security,
  title={Security issues in cloud environments: a survey},
  author={Fernandes, Diogo AB and Soares, Liliana FB and Gomes, Jo{\~a}o V and Freire, M{\'a}rio M and In{\'a}cio, Pedro RM},
  journal={International Journal of Information Security},
  volume={13},
  number={2},
  pages={113--170},
  year={2014},
  publisher={Springer}
}

@article{liu2013cost,
  title={Cost-aware cloud service request scheduling for saas providers},
  author={Liu, Zhipiao and Wang, Shangguang and Sun, Qibo and Zou, Hua and Yang, Fangchun},
  journal={The Computer Journal},
  pages={bxt009},
  year={2013},
  publisher={Br Computer Soc}
}

@article{zaman2013combinatorial,
  title={Combinatorial auction-based allocation of virtual machine instances in clouds},
  author={Zaman, Sharrukh and Grosu, Daniel},
  journal={Journal of Parallel and Distributed Computing},
  volume={73},
  number={4},
  pages={495--508},
  year={2013},
  publisher={Elsevier}
}

@article{krishna2013honey,
  title={Honey bee behavior inspired load balancing of tasks in cloud computing environments},
  author={Krishna, P Venkata},
  journal={Applied Soft Computing},
  volume={13},
  number={5},
  pages={2292--2303},
  year={2013},
  publisher={Elsevier}
}

@article{chang2013development,
  title={The development that leads to the Cloud Computing Business Framework},
  author={Chang, Victor and Walters, Robert John and Wills, Gary},
  journal={International Journal of Information Management},
  volume={33},
  number={3},
  pages={524--538},
  year={2013},
  publisher={Elsevier}
}

@article{subashini2011survey,
  title={A survey on security issues in service delivery models of cloud computing},
  author={Subashini, S. and Kavitha, V.},
  journal={Journal of Network and Computer Applications},
  volume={34},
  number={1},
  pages={1--11},
  year={2011},
  publisher={Elsevier}
}

@article{batista2015performance,
  title={Performance Evaluation of Resource Management in Cloud Computing Environments},
  author={Batista, Bruno Guazzelli and Estrella, Julio Cezar and Ferreira, Carlos Henrique Gomes and Leite Filho, Dionisio Machado and Nakamura, Luis Hideo Vasconcelos and Reiff-Marganiec, Stephan and Santana, Marcos Jos{\'e} and Santana, Regina Helena Carlucci},
  journal={PloS one},
  volume={10},
  number={11},
  pages={21},
  year={2015},
  publisher={Public Library of Science}
}

@inproceedings{services2014,
  title={Performance evaluation in a cloud with the provisioning of different resources configurations},
  author={Batista, B G and Estrella, J C and Santana, M J and Santana, R H C and Reiff-Marganiec, S},
  booktitle={SERVICES, IEEE 10th World Congress on Services, Anchorage, Alaska, USA},
  year={2014},
  organization={IEEE}
}

@book{ferguson1998quality,
  title={Quality of service: delivering QoS on the Internet and in corporate networks},
  author={Ferguson, P. and Huston, G.},
  year={1998},
  publisher={Wiley New York}
}

@article{estrella2011wsarch,
  title={WSARCH: Uma Arquitetura para a Provis{\~a}o de Web Services com Qualidade de Servi{\c{c}}o},
  author={Estrella, J.C. and Santana, R.H.C.},
  year={2011},
  publisher={Biblioteca Digital de Teses e Disserta{\c{c}}{\~o}es da USP}
}

@article{weber2002roteiro,
  title={Um roteiro para explora{\c{c}}{\~a}o dos conceitos b{\'a}sicos de toler{\^a}ncia a falhas},
  author={Weber, T.S.},
  journal={Relat{\'o}rio t{\'e}cnico, Instituto de Inform{\'a}tica UFRGS},
  year={2002}
}

@article{johnson2011avaliaccao,
  title={Avalia{\c{c}}{\~a}o de Desempenho de Sistemas Computacionais},
  author={Johnson, Thienne and Margalho, M},
  journal={Rio de Janeiro, LTC},
  year={2011}
}

@book{vegesna2001ip,
  title={IP quality of service},
  author={Vegesna, S.},
  year={2001},
  publisher={Cisco Systems}
}

@article{chard2011drive,
  title={Drive: A distributed economic meta-scheduler for the federation of grid and cloud systems},
  author={Chard, K.},
  year={2011},
  publisher={Victoria University of Wellington}
}

@phdthesis{peixoto2012oferecimento,
  title={Oferecimento de QoS para computa{\c{c}}ao em nuvens por meio de metaescalonamento},
  author={Peixoto, Maycon Leone Maciel},
  year={2012},
  school={Universidade de S{\~a}o Paulo}
}


@article{lombardi2011secure,
  title={Secure virtualization for cloud computing},
  author={Lombardi, F. and Di Pietro, R.},
  journal={Journal of Network and Computer Applications},
  volume={34},
  number={4},
  pages={1113--1122},
  year={2011},
  publisher={Elsevier}
}

@article{ali2015security,
  title={Security in cloud computing: Opportunities and challenges},
  author={Ali, Mazhar and Khan, Samee U and Vasilakos, Athanasios V},
  journal={Information Sciences},
  volume={305},
  pages={357--383},
  year={2015},
  publisher={Elsevier}
}

@inproceedings{ristenpart2009hey,
  title={Hey, you, get off of my cloud: exploring information leakage in third-party compute clouds},
  author={Ristenpart, Thomas and Tromer, Eran and Shacham, Hovav and Savage, Stefan},
  booktitle={Proceedings of the 16th ACM conference on Computer and communications security},
  pages={199--212},
  year={2009},
  organization={ACM}
}

@inproceedings{kandukuri2009cloud,
  title={Cloud security issues},
  author={Kandukuri, B.R. and Paturi, V.R. and Rakshit, A.},
  booktitle={Services Computing, 2009. SCC'09. IEEE International Conference on},
  pages={517--520},
  year={2009},
  organization={IEEE}
}

@article{pearce2013virtualization,
  title={Virtualization: Issues, security threats, and solutions},
  author={Pearce, Michael and Zeadally, Sherali and Hunt, Ray},
  journal={ACM Computing Surveys (CSUR)},
  volume={45},
  number={2},
  pages={17},
  year={2013},
  publisher={ACM}
}

@incollection{aguiar2014overview,
  title={An overview of issues and recent developments in cloud computing and storage security},
  author={Aguiar, Everaldo and Zhang, Yihua and Blanton, Marina},
  booktitle={High Performance Cloud Auditing and Applications},
  pages={3--33},
  year={2014},
  publisher={Springer}
}

@article{xiao2013security,
  title={Security and privacy in cloud computing},
  author={Xiao, Zhifeng and Xiao, Yang},
  journal={Communications Surveys \& Tutorials, IEEE},
  volume={15},
  number={2},
  pages={843--859},
  year={2013},
  publisher={IEEE}
}

@article{rodero2012building,
  title={Building safe PaaS clouds: A survey on security in multitenant software platforms},
  author={Rodero-Merino, Luis and Vaquero, Luis M and Caron, Eddy and Muresan, Adrian and Desprez, Fr{\'e}d{\'e}ric},
  journal={computers \& security},
  volume={31},
  number={1},
  pages={96--108},
  year={2012},
  publisher={Elsevier}
}

@article{ahuja2012survey,
  title={A survey of the state of cloud security},
  author={Ahuja, Sanjay P and Komathukattil, Deepa},
  journal={Network and Communication Technologies},
  volume={1},
  number={2},
  pages={p66},
  year={2012}
}

@article{vaquero2011locking,
  title={Locking the sky: a survey on IaaS cloud security},
  author={Vaquero, L.M. and Rodero-Merino, L. and Mor{\'a}n, D.},
  journal={Computing},
  volume={91},
  number={1},
  pages={93--118},
  year={2011},
  publisher={Springer}
}

@article{velev2011cloud,
  title={Cloud infrastructure security},
  author={Velev, D. and Zlateva, P.},
  journal={Open Research Problems in Network Security},
  pages={140--148},
  year={2011},
  publisher={Springer}
}

@inproceedings{wang2008scientific,
  title={Scientific cloud computing: Early definition and experience},
  author={Wang, L. and Tao, J. and Kunze, M. and Castellanos, A.C. and Kramer, D. and Karl, W.},
  booktitle={High Performance Computing and Communications, 2008. HPCC'08. 10th IEEE International Conference on},
  pages={825--830},
  year={2008},
  organization={IEEE}
}

@inproceedings{wang2009providing,
  title={Providing privacy preserving in cloud computing},
  author={Wang, Jian and Zhao, Yan and Jiang, Shuo and Le, Jiajin},
  booktitle={Test and Measurement, 2009. ICTM'09. International Conference on},
  volume={2},
  pages={213--216},
  year={2009},
  organization={IEEE}
}

@inproceedings{wang2010privacy,
  title={Privacy-preserving public auditing for data storage security in cloud computing},
  author={Wang, C. and Wang, Q. and Ren, K. and Lou, W.},
  booktitle={INFOCOM, 2010 Proceedings IEEE},
  pages={1--9},
  year={2010},
  organization={IEEE}
}

@article{wang2011towards,
  title={Towards building a cloud for scientific applications},
  author={Wang, L. and Kunze, M. and Tao, J. and von Laszewski, G.},
  journal={Advances in Engineering Software},
  volume={42},
  number={9},
  pages={714--722},
  year={2011},
  publisher={Elsevier}
}

@inproceedings{laureano2004intrusion,
  title={Intrusion detection in virtual machine environments},
  author={Laureano, M. and Maziero, C. and Jamhour, E.},
  booktitle={Euromicro Conference, 2004. Proceedings. 30th},
  pages={520--525},
  year={2004},
  organization={IEEE}
}

@article{laureano2008virtualizaccao,
  title={Virtualiza{\c{c}}{\~a}o: Conceitos e aplica{\c{c}}{\~o}es em seguran{\c{c}}a},
  author={Laureano, M.A.P. and Maziero, C.A.},
  journal={Livro-Texto de Minicursos SBSeg},
  pages={1--50},
  year={2008}
}

@article{laureano2007protecting,
  title={Protecting host-based intrusion detectors through virtual machines},
  author={Laureano, M. and Maziero, C. and Jamhour, E.},
  journal={Computer Networks},
  volume={51},
  number={5},
  pages={1275--1283},
  year={2007},
  publisher={Elsevier}
}

@article{li2012cyberguarder,
  title={CyberGuarder: A virtualization security assurance architecture for green cloud computing},
  author={Li, J. and Li, B. and Wo, T. and Hu, C. and Huai, J. and Liu, L. and Lam, KP},
  journal={Future Generation Computer Systems},
  volume={28},
  number={2},
  pages={379--390},
  year={2012},
  publisher={Elsevier}
}

@article{chang2013development,
  title={The development that leads to the Cloud Computing Business Framework},
  author={Chang, Victor and Walters, Robert John and Wills, Gary},
  journal={International Journal of Information Management},
  volume={33},
  number={3},
  pages={524--538},
  year={2013},
  publisher={Elsevier}
}

@inproceedings{karger2005multi,
  title={Multi-level security requirements for hypervisors},
  author={Karger, P.A.},
  booktitle={Computer Security Applications Conference, 21st Annual},
  pages={9--pp},
  year={2005},
  organization={IEEE}
}

@inproceedings{jin2011secure,
  title={Secure MMU: Architectural support for memory isolation among virtual machines},
  author={Jin, S. and Huh, J.},
  booktitle={Dependable Systems and Networks Workshops (DSN-W), 2011 IEEE/IFIP 41st International Conference on},
  pages={217--222},
  year={2011},
  organization={IEEE}
}

@inproceedings{zhou2010security,
  title={Security and privacy in cloud computing: A survey},
  author={Zhou, Minqi and Zhang, Rong and Xie, Wei and Qian, Weining and Zhou, Aoying},
  booktitle={Semantics Knowledge and Grid (SKG), 2010 Sixth International Conference on},
  pages={105--112},
  year={2010},
  organization={IEEE}
}

@inproceedings{weng2008blp,
  title={A BLP-Based Access Control Mechanism for the Virtual Machine System},
  author={Weng, C. and Luo, Y. and Li, M. and Lu, X.},
  booktitle={Young Computer Scientists, 2008. ICYCS 2008. The 9th International Conference for},
  pages={2278--2282},
  year={2008},
  organization={IEEE}
}

@article{alhamazani2014overview,
  title={An overview of the commercial cloud monitoring tools: research dimensions, design issues, and state-of-the-art},
  author={Alhamazani, Khalid and Ranjan, Rajiv and Mitra, Karan and Rabhi, Fethi and Jayaraman, Prem Prakash and Khan, Samee Ullah and Guabtni, Adnene and Bhatnagar, Vasudha},
  journal={Computing},
  volume={97},
  number={4},
  pages={357--377},
  year={2014},
  publisher={Springer}
}

@article{zhou2014autonomic,
  title={Autonomic Performance and Power Control on Virtualized Servers: Survey, Practices, and Trends},
  author={Zhou, Xiaobo and Jiang, Chang-Jun},
  journal={Journal of Computer Science and Technology},
  volume={29},
  number={4},
  pages={631--645},
  year={2014},
  publisher={Springer}
}

@article{reddy2014performance,
  title={Performance Evaluation of Hypervisors in the Private Cloud based on System Information using SIGAR Framework and for System Workloads using Passmark},
  author={Reddy, P Vijaya Vardhan and Rajamani, Lakshmi},
  journal={International Journal of Advanced Science and Technology},
  volume={70},
  pages={17--32},
  year={2014}
}


@article{weingartner2015cloud,
  title={Cloud resource management: A survey on forecasting and profiling models},
  author={Weing{\"a}rtner, Rafael and Br{\"a}scher, Gabriel Beims and Westphall, Carlos Becker},
  journal={Journal of Network and Computer Applications},
  volume={47},
  pages={99--106},
  year={2015},
  publisher={Elsevier}
}

@article{lin2014integrating,
  title={Integrating QoS awareness with virtualization in cloud computing systems for delay-sensitive applications},
  author={Lin, Jenn-Wei and Chen, Chien-Hung and Lin, Chi-Yi},
  journal={Future Generation Computer Systems},
  volume={37},
  pages={478--487},
  year={2014},
  publisher={Elsevier}
}

@article{wei2014proactive,
  title={Proactive virtualized resource management for service workflows in the cloud},
  author={Wei, Yi and Blake, M Brian},
  journal={Computing},
  pages={1--16},
  year={2014},
  publisher={Springer}
}

@inproceedings{zhang2014dynamic,
  title={Dynamic workload management in heterogeneous Cloud computing environments},
  author={Zhang, Qi and Boutaba, Raouf},
  booktitle={Network Operations and Management Symposium (NOMS), 2014 IEEE},
  pages={1--7},
  year={2014},
  organization={IEEE}
}

@article{fox2009above,
  title={Above the clouds: A Berkeley view of cloud computing},
  author={Fox, Armando and Griffith, Rean and Joseph, Anthony and Katz, Randy and Konwinski, Andrew and Lee, Gunho and Patterson, David and Rabkin, Ariel and Stoica, Ion},
  journal={Dept. Electrical Eng. and Comput. Sciences, University of California, Berkeley, Rep. UCB/EECS},
  volume={28},
  pages={13},
  year={2009}
}

@article{wei2014security,
  title={Security and privacy for storage and computation in cloud computing},
  author={Wei, Lifei and Zhu, Haojin and Cao, Zhenfu and Dong, Xiaolei and Jia, Weiwei and Chen, Yunlu and Vasilakos, Athanasios V},
  journal={Information Sciences},
  volume={258},
  pages={371--386},
  year={2014},
  publisher={Elsevier}
}

@article{armbrust2010view,
  title={A view of cloud computing},
  author={Armbrust, M. and Fox, A. and Griffith, R. and Joseph, A.D. and Katz, R. and Konwinski, A. and Lee, G. and Patterson, D. and Rabkin, A. and Stoica, I. and others},
  journal={Communications of the ACM},
  volume={53},
  number={4},
  pages={50--58},
  year={2010},
  publisher={ACM}
}

@article{chonka2011cloud,
  title={Cloud security defence to protect cloud computing against HTTP-DoS and XML-DoS attacks},
  author={Chonka, A. and Xiang, Y. and Zhou, W. and Bonti, A.},
  journal={Journal of network and computer applications},
  volume={34},
  number={4},
  pages={1097--1107},
  year={2011},
  publisher={Elsevier}
}

@inproceedings{iqbal2010adaptive,
  title={Adaptive resource allocation for Back-end Mashup applications on a heterogeneous private cloud},
  author={Iqbal, Waheed and Dailey, Matthew N and Ali, Imran and Janecek, Paul and Carrera, David},
  booktitle={Electrical Engineering/Electronics Computer Telecommunications and Information Technology (ECTI-CON), 2010 International Conference on},
  pages={317--321},
  year={2010},
  organization={IEEE}
}

@article{vinothina2012survey,
  title={A survey on resource allocation strategies in cloud computing},
  author={Vinothina, V and Sridaran, Dr R and PadmavathiGanapathi, Dr},
  journal={International Journal of Advanced Computer Science and Applications},
  volume={3},
  number={6},
  year={2012}
}

@inproceedings{anuradha2014survey,
  title={A survey on resource allocation strategies in cloud computing},
  author={Anuradha, VP and Sumathi, D},
  booktitle={Information Communication and Embedded Systems (ICICES), 2014 International Conference on},
  pages={1--7},
  year={2014},
  organization={IEEE}
}

@article{manvi2013resource,
  title={Resource management for Infrastructure as a Service (IaaS) in cloud computing: A survey},
  author={Manvi, Sunilkumar S and Krishna Shyam, Gopal},
  journal={Journal of Network and Computer Applications},
  year={2013},
  publisher={Elsevier}
}

@article{manvi2014resource,
  title={Resource management for Infrastructure as a Service (IaaS) in cloud computing: A survey},
  author={Manvi, Sunilkumar S and Shyam, Gopal Krishna},
  journal={Journal of Network and Computer Applications},
  volume={41},
  pages={424--440},
  year={2014},
  publisher={Elsevier}
}

@article{abu2013resource,
  title={Resource allocation in a network-based cloud computing environment: design challenges},
  author={Abu Sharkh, Mohamed and Jammal, Manar and Shami, Abdallah and Ouda, Abdelkader},
  journal={Communications Magazine, IEEE},
  volume={51},
  number={11},
  pages={46--52},
  year={2013},
  publisher={IEEE}
}

@article{hussain2013survey,
  title={A survey on resource allocation in high performance distributed computing systems},
  author={Hussain, Hameed and Malik, Saif Ur Rehman and Hameed, Abdul and Khan, Samee Ullah and Bickler, Gage and Min-Allah, Nasro and Qureshi, Muhammad Bilal and Zhang, Limin and Yongji, Wang and Ghani, Nasir and others},
  journal={Parallel Computing},
  volume={39},
  number={11},
  pages={709--736},
  year={2013},
  publisher={Elsevier}
}

@article{sharkh2013resource,
  title={Resource allocation in a network-based cloud computing environment: design challenges},
  author={Sharkh, Mohamed Abu and Jammal, Manar and Shami, Abdallah and Ouda, Abdelkader},
  journal={Communications Magazine, IEEE},
  volume={51},
  number={11},
  pages={46--52},
  year={2013},
  publisher={IEEE}
}

@inproceedings{huu2010virtual,
  title={Virtual resources allocation for workflow-based applications distribution on a cloud infrastructure},
  author={Huu, Tram Truong and Montagnat, Johan},
  booktitle={Cluster, Cloud and Grid Computing (CCGrid), 2010 10th IEEE/ACM International Conference on},
  pages={612--617},
  year={2010},
  organization={IEEE}
}

@book{menascae2004performance,
  title={Performance by design: computer capacity planning by example},
  author={Menasce, Daniel A and Almeida, Virgilio AF and Dowdy, Lawrence Wilson and Dowdy, Larry},
  year={2004},
  publisher={Prentice Hall Professional}
}

@inproceedings{wu2011sla,
  title={Sla-based resource allocation for software as a service provider (saas) in cloud computing environments},
  author={Wu, Linlin and Garg, Saurabh Kumar and Buyya, Rajkumar},
  booktitle={Cluster, Cloud and Grid Computing (CCGrid), 2011 11th IEEE/ACM International Symposium on},
  pages={195--204},
  year={2011},
  organization={IEEE}
}

@phdthesis{monks2006planejamento,
  title={Planejamento de Capacidade em Redes Corporativas para Implementação de Serviços VoIP},
  author={MONKS, EM},
  year={2006},
  school={Dissertação apresentada como requisito parcial para a obtenção do grau de Mestre em Ciência da Computação. Instituto de Informática. Universidade Federal do Rio Grande do Sul}
}

@book{jain2008art,
  title={The art of computer systems performance analysis},
  author={Jain, Raj},
  year={2008},
  publisher={John Wiley \& Sons}
}

@article{almeida2002capacity,
  title={Capacity planning an essential tool for managing Web services},
  author={Almeida, Virgílio AF and Menascè, Daniel},
  journal={IT professional},
  volume={4},
  number={4},
  pages={33--38},
  year={2002},
  publisher={IEEE}
}

@inproceedings{inomata2011proposal,
  title={Proposal and evaluation of a dynamic resource allocation method based on the load of VMs on IaaS},
  author={Inomata, Atsuo and Morikawa, Taiki and Ikebe, Minoru and Okamoto, Yoshihiro and Noguchi, Satoru and Fujikawa, Kazutoshi and Sunahara, Hideki and Rahman, M},
  booktitle={New Technologies, Mobility and Security (NTMS), 2011 4th IFIP International Conference on},
  pages={1--6},
  year={2011},
  organization={IEEE}
}

@article{calheiros2011cloudsim,
  title={CloudSim: a toolkit for modeling and simulation of cloud computing environments and evaluation of resource provisioning algorithms},
  author={Calheiros, Rodrigo N and Ranjan, Rajiv and Beloglazov, Anton and De Rose, C{\'e}sar AF and Buyya, Rajkumar},
  journal={Software: Practice and Experience},
  volume={41},
  number={1},
  pages={23--50},
  year={2011},
  publisher={Wiley Online Library}
}

@inproceedings{calheiros2011virtual,
  title={Virtual machine provisioning based on analytical performance and QoS in cloud computing environments},
  author={Calheiros, Rodrigo N and Ranjan, Rajiv and Buyya, Rajkumar},
  booktitle={Parallel Processing (ICPP), 2011 International Conference on},
  pages={295--304},
  year={2011},
  organization={IEEE}
}

@book{rittinghouse2009cloud,
  title={Cloud computing: implementation, management, and security},
  author={Rittinghouse, J.},
  year={2009},
  publisher={CRC}
}

@book{reese2009cloud,
  title={Cloud Application Architectures: Building Applications and Infrastructure in the Cloud},
  author={Reese, G.},
  year={2009},
  publisher={O'Reilly Media, Incorporated}
}

@inproceedings{chieu2009dynamic,
  title={Dynamic scaling of web applications in a virtualized cloud computing environment},
  author={Chieu, T.C. and Mohindra, A. and Karve, A.A. and Segal, A.},
  booktitle={e-Business Engineering, 2009. ICEBE'09. IEEE International Conference on},
  pages={281--286},
  year={2009},
  organization={IEEE}
}

@inproceedings{foster2008cloud,
  title={Cloud computing and grid computing 360-degree compared},
  author={Foster, I. and Zhao, Y. and Raicu, I. and Lu, S.},
  booktitle={Grid Computing Environments Workshop, 2008. GCE'08},
  pages={1--10},
  year={2008},
  organization={Ieee}
}

@article{leavitt2009cloud,
  title={Is cloud computing really ready for prime time},
  author={Leavitt, N.},
  journal={Growth},
  volume={27},
  number={5},
  year={2009}
}

@inproceedings{peng2009comparison,
  title={Comparison of several cloud computing platforms},
  author={Peng, J. and Zhang, X. and Lei, Z. and Zhang, B. and Zhang, W. and Li, Q.},
  booktitle={Information Science and Engineering (ISISE), 2009 Second International Symposium on},
  pages={23--27},
  year={2009},
  organization={IEEE}
}

@inproceedings{rimal2009taxonomy,
  title={A taxonomy and survey of cloud computing systems},
  author={Rimal, B.P. and Choi, E. and Lumb, I.},
  booktitle={INC, IMS and IDC, 2009. NCM'09. Fifth International Joint Conference on},
  pages={44--51},
  year={2009},
  organization={IEEE}
}

@article{carissimi2008virtualizaccao,
  title={Virtualiza{\c{c}}{\~a}o: da teoria a solu{\c{c}}{\~o}es},
  author={Carissimi, A.},
  journal={Minicursos do Simp{\'o}sio Brasileiro de Redes de Computadores--SBRC},
  volume={2008},
  pages={173--207},
  year={2008}
}

@book{menken2010cloud,
  title={Cloud Computing Foundation Complete Certification Kit-Study Guide Book and Online Course},
  author={Menken, I. and Blokdijk, G.},
  year={2010},
  publisher={Emereo Pty Ltd}
}

@article{rose2004survey,
  title={Survey of system virtualization techniques},
  author={Rose, R.},
  journal={Collections},
  year={2004}
}

@inproceedings{menasce2005virtualization,
  title={Virtualization: Concepts, applications, and performance modeling},
  author={Menasc{\'e}, D.A.},
  booktitle={CMG-CONFERENCE-},
  volume={1},
  pages={407},
  year={2005},
  organization={Computer Measurement Group; 1997}
}

@inproceedings{li2010survey,
  title={A survey of virtual machine system: Current technology and future trends},
  author={Li, Y. and Li, W. and Jiang, C.},
  booktitle={Electronic Commerce and Security (ISECS), 2010 Third International Symposium on},
  pages={332--336},
  year={2010},
  organization={IEEE}
}

@article{mattos2008virtualizaccao,
  title={Virtualiza{\c{c}}{\~a}o: VMWare e Xen},
  author={Mattos, D.M.F.},
  journal={Universidade Federal do Rio de Janeiro},
  year={2008}
}

@inproceedings{barham2003xen,
  title={Xen and the art of virtualization},
  author={Barham, P. and Dragovic, B. and Fraser, K. and Hand, S. and Harris, T. and Ho, A. and Neugebauer, R. and Pratt, I. and Warfield, A.},
  booktitle={ACM SIGOPS Operating Systems Review},
  volume={37},
  number={5},
  pages={164--177},
  year={2003},
  organization={ACM}
}

@inproceedings{whitaker2002denali,
  title={Denali: A scalable isolation kernel},
  author={Whitaker, A. and Shaw, M. and Gribble, S.D.},
  booktitle={Proceedings of the 10th workshop on ACM SIGOPS European workshop},
  pages={10--15},
  year={2002},
  organization={ACM}
}

@article{nguyen2015survey,
  title={Survey on secure communication protocols for the Internet of Things},
  author={Nguyen, Kim Thuat and Laurent, Maryline and Oualha, Nouha},
  journal={Ad Hoc Networks},
  volume={32},
  pages={17--31},
  year={2015},
  publisher={Elsevier}
}

@article{hashem2016role,
  title={The role of big data in smart city},
  author={Hashem, Ibrahim Abaker Targio and Chang, Victor and Anuar, Nor Badrul and Adewole, Kayode and Yaqoob, Ibrar and Gani, Abdullah and Ahmed, Ejaz and Chiroma, Haruna},
  journal={International Journal of Information Management},
  volume={36},
  number={5},
  pages={748--758},
  year={2016},
  publisher={Elsevier}
}

@article{morvari2016two,
  title={Two-Stage Resource Allocation for Random Access M2M Communications in LTE Network},
  author={Morvari, Faezeh and Ghasemi, Abdorasoul},
  journal={IEEE Communications Letters},
  volume={20},
  number={5},
  pages={982--985},
  year={2016},
  publisher={IEEE}
}

@article{kim2016cognitive,
  title={Cognitive hierarchy thinking based behavioral game model for IoT power control algorithm},
  author={Kim, Sungwook},
  journal={Computer Networks},
  volume={110},
  pages={79--90},
  year={2016},
  publisher={Elsevier}
}

@article{sicari2015security,
  title={Security, privacy and trust in Internet of Things: The road ahead},
  author={Sicari, Sabrina and Rizzardi, Alessandra and Grieco, Luigi Alfredo and Coen-Porisini, Alberto},
  journal={Computer Networks},
  volume={76},
  pages={146--164},
  year={2015},
  publisher={Elsevier}
}

@article{henze2016comprehensive,
  title={A comprehensive approach to privacy in the cloud-based Internet of Things},
  author={Henze, Martin and Hermerschmidt, Lars and Kerpen, Daniel and H{\"a}u{\ss}ling, Roger and Rumpe, Bernhard and Wehrle, Klaus},
  journal={Future Generation Computer Systems},
  volume={56},
  pages={701--718},
  year={2016},
  publisher={Elsevier}
}

@inproceedings{you2009analysis,
  title={Analysis and evaluation of the scheduling algorithms in virtual environment},
  author={You, X. and Xu, X. and Wan, J. and Jiang, C.},
  booktitle={Embedded Software and Systems, 2009. ICESS'09. International Conference on},
  pages={291--296},
  year={2009},
  organization={IEEE}
}

@article{borgia2014internet,
  title={The Internet of Things vision: Key features, applications and open issues},
  author={Borgia, Eleonora},
  journal={Computer Communications},
  volume={54},
  pages={1--31},
  year={2014},
  publisher={Elsevier}
}

@inproceedings{pu2010understanding,
  title={Understanding performance interference of i/o workload in virtualized cloud environments},
  author={Pu, X. and Liu, L. and Mei, Y. and Sivathanu, S. and Koh, Y. and Pu, C.},
  booktitle={Cloud Computing (CLOUD), 2010 IEEE 3rd International Conference on},
  pages={51--58},
  year={2010},
  organization={IEEE}
}

@article{pu2012your,
  title={Who is your neighbor: net I/O performance interference in virtualized clouds},
  author={Pu, X. and Liu, L. and Mei, Y. and Sivathanu, S. and Koh, Y. and Pu, C. and Cao, Y.},
  year={2012},
  publisher={IEEE}
}

@article{liu2010vm,
  title={An In-VM measuring framework for increasing virtual machine security in clouds},
  author={Liu, Q. and Weng, C. and Li, M. and Luo, Y.},
  journal={Security \& Privacy, IEEE},
  volume={8},
  number={6},
  pages={56--62},
  year={2010},
  publisher={IEEE}
}

@inproceedings{ibrahim2011towards,
  title={Towards pay-as-you-consume cloud computing},
  author={Ibrahim, S. and He, B. and Jin, H.},
  booktitle={Services Computing (SCC), 2011 IEEE International Conference on},
  pages={370--377},
  year={2011},
  organization={IEEE}
}

@inproceedings{menon2005diagnosing,
  title={Diagnosing performance overheads in the xen virtual machine environment},
  author={Menon, A. and Santos, J.R. and Turner, Y. and Janakiraman, G.J. and Zwaenepoel, W.},
  booktitle={Proceedings of the 1st ACM/USENIX international conference on Virtual execution environments},
  pages={13--23},
  year={2005},
  organization={ACM}
}

@inproceedings{koh2007analysis,
  title={An analysis of performance interference effects in virtual environments},
  author={Koh, Y. and Knauerhase, R. and Brett, P. and Bowman, M. and Wen, Z. and Pu, C.},
  booktitle={Performance Analysis of Systems \& Software, 2007. ISPASS 2007. IEEE International Symposium on},
  pages={200--209},
  year={2007},
  organization={IEEE}
}

@inproceedings{sotomayor2006overhead,
  title={Overhead matters: A model for virtual resource management},
  author={Sotomayor, B. and Keahey, K. and Foster, I.},
  booktitle={Proceedings of the 2nd International Workshop on Virtualization Technology in Distributed Computing},
  pages={5},
  year={2006},
  organization={IEEE Computer Society}
}

@article{white2010survey,
  title={A survey of virtualization technologies with performance testing},
  author={White, J. and Pilbeam, A.},
  journal={arXiv preprint arXiv:1010.3233},
  year={2010}
}

@inproceedings{xu2008quantifying,
  title={Quantifying performance properties of virtual machine},
  author={Xu, X. and Zhou, F. and Wan, J. and Jiang, Y.},
  booktitle={Information Science and Engineering, 2008. ISISE'08. International Symposium on},
  volume={1},
  pages={24--28},
  year={2008},
  organization={IEEE}
}

@inproceedings{lee2011extenics,
  title={An Extenics-Based Dynamic Resource Adjustment for the Virtual Machine in Cloud Computing Environment},
  author={Lee, L.T. and Lee, S.T. and Chang, J.C.},
  booktitle={Ubi-Media Computing (U-Media), 2011 4th International Conference on},
  pages={65--70},
  year={2011},
  organization={IEEE}
}

@article{deshane2008quantitative,
  title={Quantitative comparison of Xen and KVM},
  author={Deshane, T. and Shepherd, Z. and Matthews, J. and Ben-Yehuda, M. and Shah, A. and Rao, B.},
  journal={Xen Summit, Boston, MA, USA},
  pages={1--2},
  year={2008}
}

@inproceedings{che2010synthetical,
  title={A synthetical performance evaluation of OpenVZ, Xen and KVM},
  author={Che, J. and Yu, Y. and Shi, C. and Lin, W.},
  booktitle={Services Computing Conference (APSCC), 2010 IEEE Asia-Pacific},
  pages={587--594},
  year={2010},
  organization={IEEE}
}

@inproceedings{che2008performance,
  title={Performance measuring and comparing of virtual machine monitors},
  author={Che, J. and He, Q. and Gao, Q. and Huang, D.},
  booktitle={Embedded and Ubiquitous Computing, 2008. EUC'08. IEEE/IFIP International Conference on},
  volume={2},
  pages={381--386},
  year={2008},
  organization={IEEE}
}

@article{crosby2006virtualization,
  title={The virtualization reality},
  author={Crosby, S. and Brown, D.},
  journal={Queue},
  volume={4},
  number={10},
  pages={34--41},
  year={2006},
  publisher={ACM}
}

@phdthesis{adriana2015rajadas,
  title={Impacto das rajadas no desempenho de servi\c{c}os executados em ambientes em nuvens},
  author={Centurion, Adriana Molina},
  school={Universidade de S{\~a}o Paulo},
  year = "2015"
}

@phdthesis{mario2012,
  title={Análise e Projeto de um broker como agente de intermediação e QoS em uma nuvem computacional híbrida},
  author={Pardo, Mário Henrique de Souza},
  school={Qualificação de Doutorado. Universidade de S{\~a}o Paulo},
  year = "2012"
}

@Misc{Gienger2012a,
	title = "Xen: Hypervisor-based virtualization (2012).",
	author = "Gienger, P.",
	year = "2012a",
	note = "Dispon{\'i}vel em: http://southbrain.com/south/virtualization/3-xen-hypervisor-based-virtual.html"
}

@Misc{Gienger2012b,
	title = "Hybrid methods: Kvm (2012).",
	author = "Gienger, P.",
	year = "2012b",
	note = "Dispon{\'i}vel em: http://southbrain.com/south/virtualization/6-hybrid-methods-kvm.html"
}

@incollection{karunakaran2014decisions,
  title={Decisions, Models and Opportunities in Cloud Computing Economics: A Review of Research on Pricing and Markets},
  author={Karunakaran, Sowmya and Krishnaswamy, Venkataraghavan and Sundarraj, RP},
  booktitle={Service Research and Innovation},
  pages={85--99},
  year={2014},
  publisher={Springer}
}

@article{javed2015cloud,
  title={Cloud Market Maker: An automated dynamic pricing marketplace for cloud users},
  author={Javed, Barkha and Bloodsworth, Peter and Rasool, Raihan Ur and Munir, Kamran and Rana, Omer},
  journal={Future Generation Computer Systems},
  volume={54},
  pages={52--67},
  year={2015},
  publisher={Elsevier}
}

@article{ren2015cloud,
  title={Cloud manufacturing: from concept to practice},
  author={Ren, Lei and Zhang, Lin and Tao, Fei and Zhao, Chun and Chai, Xudong and Zhao, Xinpei},
  journal={Enterprise Information Systems},
  volume={9},
  number={2},
  pages={186--209},
  year={2015},
  publisher={Taylor \& Francis}
}

@inproceedings{benslimane2014key,
  title={Key Challenges and Opportunities in Cloud Computing and Implications on Service Requirements: Evidence from a Systematic Literature Review},
  author={Benslimane, Younes and Plaisent, Michel and Bernard, Prosper and Bahli, Bouchaib},
  booktitle={Cloud Computing Technology and Science (CloudCom), 2014 IEEE 6th International Conference on},
  pages={114--121},
  year={2014},
  organization={IEEE}
}

@article{guzek2015survey,
  title={A Survey of Evolutionary Computation for Resource Management of Processing in Cloud Computing},
  author={Guzek, Mateusz and Bouvry, Pascal and Talbi, El-Ghazali},
  journal={Computational Intelligence Magazine, IEEE},
  volume={10},
  number={2},
  pages={53--67},
  year={2015},
  publisher={IEEE}
}

@article{ardagna2014quality,
  title={Quality-of-service in cloud computing: modeling techniques and their applications},
  author={Ardagna, Danilo and Casale, Giuliano and Ciavotta, Michele and P{\'e}rez, Juan F and Wang, Weikun},
  journal={Journal of Internet Services and Applications},
  volume={5},
  number={1},
  pages={1--17},
  year={2014},
  publisher={Springer}
}

@article{durao2014systematic,
  title={A systematic review on cloud computing},
  author={Durao, Frederico and Carvalho, Jose Fernando S and Fonseka, Anderson and Garcia, Vinicius Cardoso},
  journal={The Journal of Supercomputing},
  volume={68},
  pages={1321--1346},
  year={2014},
  publisher={Springer}
}

@article{jennings2014resource,
  title={Resource management in clouds: Survey and research challenges},
  author={Jennings, Brendan and Stadler, Rolf},
  journal={Journal of Network and Systems Management},
  pages={1--53},
  year={2014},
  publisher={Springer}
}

@article{hemanth2014review,
  title={A REVIEW ON SECURED CLOUD COMPUTING ENVIRONMENT},
  author={Hemanth Chakravarthy, M and Kannan, E},
  journal={American Journal of Applied Sciences},
  volume={11},
  number={8},
  pages={1224--1228},
  year={2014}
}

@article{mustafa2015resource,
  title={Resource management in cloud computing: Taxonomy, prospects, and challenges},
  author={Mustafa, Saad and Nazir, Babar and Hayat, Amir and Madani, Sajjad A and others},
  journal={Computers \& Electrical Engineering},
  year={2015},
  publisher={Elsevier}
}

@article{coutinho2015elasticity,
  title={Elasticity in cloud computing: a survey},
  author={Coutinho, Emanuel Ferreira and de Carvalho Sousa, Fl{\'a}vio Rubens and Rego, Paulo Antonio Leal and Gomes, Danielo Gon{\c{c}}alves and de Souza, Jos{\'e} Neuman},
  journal={annals of telecommunications-annales des t{\'e}l{\'e}communications},
  pages={1--21},
  year={2015},
  publisher={Springer}
}

@inproceedings{zhou2014simplified,
  title={Simplified resource provisioning for workflows in iaas clouds},
  author={Zhou, Amelie Chi and He, Bingsheng},
  booktitle={Cloud Computing Technology and Science (CloudCom), 2014 IEEE 6th International Conference on},
  pages={650--655},
  year={2014},
  organization={IEEE}
}

@inproceedings{abd2014review,
  title={A review of cloud security based on cryptographic mechanisms},
  author={Abd, Sura Khalil and Al-Haddad, SAR and Hashim, Fazirulhisyam and Abdullah, Ammar},
  booktitle={Biometrics and Security Technologies (ISBAST), 2014 International Symposium on},
  pages={106--111},
  year={2014},
  organization={IEEE}
}

@incollection{shamsolmoali2015ensuring,
  title={Ensuring Data Security and Performance Evaluation in Cloud Computing},
  author={Shamsolmoali, Pourya and Alam, M Afshar},
  booktitle={Intelligent Computing, Communication and Devices},
  pages={415--423},
  year={2015},
  publisher={Springer}
}

@inproceedings{breivold2014architecting,
  title={Architecting for the Cloud: A Systematic Review},
  author={Breivold, Hongyu Pei and Crnkovic, Ivica and Radosevic, Iva and Balatinac, Ivan},
  booktitle={Computational Science and Engineering (CSE), 2014 IEEE 17th International Conference on},
  pages={312--318},
  year={2014},
  organization={IEEE}
}

@article{hashem2015rise,
  title={The rise of “big data” on cloud computing: review and open research issues},
  author={Hashem, Ibrahim Abaker Targio and Yaqoob, Ibrar and Anuar, Nor Badrul and Mokhtar, Salimah and Gani, Abdullah and Khan, Samee Ullah},
  journal={Information Systems},
  volume={47},
  pages={98--115},
  year={2015},
  publisher={Elsevier}
}

@Misc{VMware:2012,
	title = "Virtualization Basics (2012).",
	author = "VMWare",
	year = "2012",
	note = "Dispon{\'i}vel em: http://www.vmware.com/virtualization/what-is-virtualization.html"
}

@article{cherkasova2007comparison,
  title={Comparison of the three CPU schedulers in Xen},
  author={Cherkasova, Ludmila and Gupta, Diwaker and Vahdat, Amin},
  journal={SIGMETRICS Performance Evaluation Review},
  volume={35},
  number={2},
  pages={42--51},
  year={2007}
}

@inproceedings{rajasekaran2004impact,
  title={On the Impact of Virtual Machine Overhead on TCP Performance},
  author={Rajasekaran, V. and Martin, J. and Westall, J.},
  booktitle={Communication and Computer Networks},
  year={2004},
  organization={ACTA Press}
}

@article{vasilou2000overview,
  title={Overview of internet QoS and web server QoS},
  author={Vasilou, N.},
  journal={UWO Reading Course Paper},
  pages={1--37},
  year={2000}
}

@inproceedings{foster1999distributed,
  title={A distributed resource management architecture that supports advance reservations and co-allocation},
  author={Foster, I. and Kesselman, C. and Lee, C. and Lindell, B. and Nahrstedt, K. and Roy, A.},
  booktitle={Quality of Service, 1999. IWQoS'99. 1999 Seventh International Workshop on},
  pages={27--36},
  year={1999},
  organization={IEEE}
}

@inproceedings{guo2007enabling,
  title={Enabling QoS for service-oriented workflow on GRID},
  author={Guo, L. and McGough, AS and Akram, A. and Colling, D. and Martyniak, J. and Krznaric, M.},
  booktitle={Computer and Information Technology, 2007. CIT 2007. 7th IEEE International Conference on},
  pages={1077--1082},
  year={2007},
  organization={IEEE}
}

@article{stantchev2009negotiating,
  title={Negotiating and enforcing qos and slas in grid and cloud computing},
  author={Stantchev, V. and Schr{\"o}pfer, C.},
  journal={Advances in Grid and Pervasive Computing},
  pages={25--35},
  year={2009},
  publisher={Springer}
}

@inproceedings{garg2011smicloud,
  title={Smicloud: A framework for comparing and ranking cloud services},
  author={Garg, S.K. and Versteeg, S. and Buyya, R.},
  booktitle={Utility and Cloud Computing (UCC), 2011 Fourth IEEE International Conference on},
  pages={210--218},
  year={2011},
  organization={IEEE}
}

@article{garg2012framework,
  title={A framework for ranking of cloud computing services},
  author={Garg, S.K. and Versteeg, S. and Buyya, R.},
  journal={Future Generation Computer Systems},
  year={2012},
  publisher={Elsevier}
}

@inproceedings{hassan2009autonomic,
  title={Autonomic Computing Paradigm to Support System's Development},
  author={Hassan, S. and Al-Jumeily, D. and Hussain, A.J.},
  booktitle={Developments in eSystems Engineering (DESE), 2009 Second International Conference on},
  pages={273--278},
  year={2009},
  organization={IEEE}
}

@article{buyya2005grid,
  title={The grid economy},
  author={Buyya, R. and Abramson, D. and Venugopal, S.},
  journal={Proceedings of the IEEE},
  volume={93},
  number={3},
  pages={698--714},
  year={2005},
  publisher={IEEE}
}

@article{buyya2003economic,
  title={Economic models for resource management and scheduling in grid computing},
  author={Buyya, R. and Abramson, D. and Giddy, J. and Stockinger, H.},
  journal={Concurrency and computation: practice and experience},
  volume={14},
  number={13-15},
  pages={1507--1542},
  year={2003},
  publisher={Wiley Online Library}
}

@book{berman2003grid,
  title={Grid computing: making the global infrastructure a reality},
  author={Berman, F. and Fox, G. and Hey, A.J.G.},
  volume={2},
  year={2003},
  publisher={Wiley}
}

@inproceedings{alhamad2011service,
  title={Service Level Agreement for Distributed Services: A Review},
  author={Alhamad, M. and Dillon, T. and Chang, E.},
  booktitle={Dependable, Autonomic and Secure Computing (DASC), 2011 IEEE Ninth International Conference on},
  pages={1051--1054},
  year={2011},
  organization={IEEE}
}

@inproceedings{mani2011operating,
  title={Operating cost aware scheduling model for distributed servers based on global power pricing policies},
  author={Mani, S. and Rao, S.},
  booktitle={Proceedings of the Fourth Annual ACM Bangalore Conference},
  pages={12},
  year={2011},
  organization={ACM}
}

@inproceedings{samimi2011review,
  title={Review of pricing models for grid \& cloud computing},
  author={Samimi, P. and Patel, A.},
  booktitle={Computers \& Informatics (ISCI), 2011 IEEE Symposium on},
  pages={634--639},
  year={2011},
  organization={IEEE}
}

@inproceedings{hwang2011business,
  title={A business model for cloud computing based on a separate encryption and decryption service},
  author={Hwang, J.J. and Chuang, H.K. and Hsu, Y.C. and Wu, C.H.},
  booktitle={Information Science and Applications (ICISA), 2011 International Conference on},
  pages={1--7},
  year={2011},
  organization={IEEE}
}

@inproceedings{mahbub2010proactive,
  title={Proactive sla negotiation for service based systems},
  author={Mahbub, K. and Spanoudakis, G.},
  booktitle={Services (SERVICES-1), 2010 6th World Congress on},
  pages={519--526},
  year={2010},
  organization={IEEE}
}

@article{villegas2012cloud,
  title={Cloud federation in a layered service model},
  author={Villegas, D. and Bobroff, N. and Rodero, I. and Delgado, J. and Liu, Y. and Devarakonda, A. and Fong, L. and Masoud Sadjadi, S. and Parashar, M.},
  journal={Journal of Computer and System Sciences},
  year={2012},
  publisher={Elsevier}
}

@article{siddeshsla,
  title={SLA-Driven Dynamic Resource Allocation on Clouds},
  author={Siddesh, GM and Srinivasa, KG},
  journal={Springer Verlag Berlin Heldelberg},
  pages={9--18},
  year={2012},
  publisher={Springer}
}

@article{yang2012business,
  title={A business-oriented cloud federation model for real-time online interactive applications},
  author={Yang, X. and Nasser, B. and Surridge, M. and Middleton, S.},
  journal={Future Generation Computer Systems},
  year={2012},
  publisher={Elsevier}
}

@article{tanenbaum2003computer,
  title={Computer networks},
  author={Tanenbaum, A.S.},
  journal={Prentice Hall},
  year={2003}
}

@book{stallings2008criptografia,
  title={Criptografia e seguran{\c{c}}a de redes: princ{\'\i}pios e pr{\'a}ticas},
  author={Stallings, W. and Vieira, D.},
  year={2008},
  publisher={Pearson Prentice Hall}
}

@book{kurose2010,
  title={Redes de Computadores e a Internet: Uma Abordagem Top-Down.},
  author={Kurose, J.F. and Ross, K.W.},
  volume={6},
  year={2013},
  publisher={Pearson}
}

@misc{rosenberg1securing,
  title={Securing Web Services with WS-Security: Demystifying WS-Security, WS-Policy, SAML, XML Signature ano XML Encryption},
  author={Rosenberg, J. and Remy, D.},
  year={2004},
  publisher={Pearson Higher Education}
}

@article{moreno2005criptografia,
  title={Criptografia em software e hardware},
  author={Moreno, E.D. and Pereira, F.D. and Chiaramonte, R.B.},
  journal={S{\~a}o Paulo: Novatec},
  year={2005}
}

@book{rescorla2001ssl,
  title={SSL and TLS: designing and building secure systems},
  author={Rescorla, Eric},
  volume={1},
  year={2001},
  publisher={Addison-Wesley Reading}
}

@incollection{yan2009strengthen,
  title={Strengthen cloud computing security with federal identity management using hierarchical identity-based cryptography},
  author={Yan, Liang and Rong, Chunming and Zhao, Gansen},
  booktitle={Cloud Computing},
  pages={167--177},
  year={2009},
  publisher={Springer}
}

@article{modi2013survey,
  title={A survey of intrusion detection techniques in Cloud},
  author={Modi, Chirag and Patel, Dhiren and Borisaniya, Bhavesh and Patel, Hiren and Patel, Avi and Rajarajan, Muttukrishnan},
  journal={Journal of Network and Computer Applications},
  volume={36},
  number={1},
  pages={42--57},
  year={2013},
  publisher={Elsevier}
}

@inproceedings{belenky2003tracing,
  title={Tracing multiple attackers with deterministic packet marking (DPM)},
  author={Belenky, Andrey and Ansari, Nirwan},
  booktitle={Communications, Computers and signal Processing, 2003. PACRIM. 2003 IEEE Pacific Rim Conference on},
  volume={1},
  pages={49--52},
  year={2003},
  organization={IEEE}
}

@inproceedings{srinivasamurthy2010survey,
  title={Survey on cloud computing security},
  author={Srinivasamurthy, Shilpashree and Liu, David},
  booktitle={Proc. Conf. on Cloud Computing, CloudCom},
  volume={10},
  year={2010}
}

@article{choubey2011survey,
  title={A survey on cloud computing security, challenges and threats},
  author={Choubey, Rajnish and Dubey, Rajshree and Bhattacharjee, Joy},
  journal={International Journal on Computer Science and Engineering (IJCSE)},
  volume={3},
  number={3},
  pages={1227--1231},
  year={2011},
  publisher={Citeseer}
}

@inproceedings{kocher2004security,
  title={Security as a new dimension in embedded system design},
  author={Kocher, P. and Lee, R. and McGraw, G. and Raghunathan, A. and Moderator-Ravi, S.},
  booktitle={Proceedings of the 41st annual Design Automation Conference},
  pages={753--760},
  year={2004},
  organization={ACM}
}

@inproceedings{vijayalakshmi2012performance,
  title={Performance analysis of RSA and ECC in identity-based authenticated new multiparty key agreement protocol},
  author={Vijayalakshmi, PR and Raja, K.B.},
  booktitle={Computing, Communication and Applications (ICCCA), 2012 International Conference on},
  pages={1--5},
  year={2012},
  organization={IEEE}
}

@article{lekkas2003establishing,
  title={Establishing and managing trust within the public key infrastructure},
  author={Lekkas, Dimitrios},
  journal={Computer Communications},
  volume={26},
  number={16},
  pages={1815--1825},
  year={2003},
  publisher={Elsevier}
}

@book{coulouris2007sistemas,
  title={Sistemas distribu{\'\i}dos-conceitos e projeto},
  author={Coulouris, G. and Dollimore, J. and Kindberg, T.},
  year={2007},
  publisher={Bookman}
}

@article{zissis2012addressing,
  title={Addressing cloud computing security issues},
  author={Zissis, D. and Lekkas, D.},
  journal={Future Generation Computer Systems},
  volume={28},
  number={3},
  pages={583--592},
  year={2012},
  publisher={Elsevier}
}

@book{burnett2001rsa,
  title={The RSA Security's Official Guide to Cryptography},
  author={Burnett, S. and Paine, S.},
  year={2001},
  publisher={McGraw-Hill, Inc.}
}

@article{feliciano2011gerencia,
  title={Ger{\^e}ncia de Identidades Federadas em Nuvens: Enfoque na Utiliza{\c{c}}{\~a}o de Solu{\c{c}}{\~o}es Abertas},
  author={Feliciano, G. and Agostinho, L. and Guimar{\~a}es, E. and Cardozo, E.},
  journal={Short course, XI SBSeg, Brazil},
  year={2011}
}

@article{hughes2005security,
  title={Security Assertion Markup Language (SAML) V2. 0 Technical Overview},
  author={Hughes, J. and Maler, E.},
  journal={OASIS SSTC Working Draft sstc-saml-tech-overview-2.0-draft-08},
  year={2005}
}

@Misc{OpenID,
	title = "OpenID Foundation.",
	author = "OpenID",
	year = "2012",
	note = "Dispon{\'i}vel em: http://openid.net/get-an-openid/what-is-openid/"
}

@Misc{Shibboleth,
	title = "What is Shibboleth?",
	author = "Shibboleth",
	year = "2012",
	note = "Dispon{\'i}vel em: http://shibboleth.net/"
}

@Misc{Higgins,
	title = "Higgins Personal Data Service.",
	author = "Higgins",
	year = "2012",
	note = "Dispon{\'i}vel em: http://www.eclipse.org/higgins/"
}

@Misc{OpenAM,
	title = "OpenAM - A Centralized Authentication, Authorization, Entitlements and Federation Services.",
	author = "OpenAM",
	year = "2012",
	note = "Dispon{\'i}vel em: http://www.forgerock.com/openam.html"
}

@Misc{Oasis,
	title = "eXtensible Access Control Markup Language (XACML) Version 2.0. Technical report",
	author = "Oasis",
	year = "2005",
	note = "Dispon{\'i}vel em: http://docs.oasis-open.org/xacml/2.0/access{\_}control-xacml-2.0-core-spec-os.pdf"
}

@Misc{Oauth,
	title = "The OAuth 1.0 Guide.",
	author = "Oauth",
	year = "2012",
	note = "Dispon{\'i}vel em: http://hueniverse.com/oauth/guide/intro/"
}

@article{catteddu2010cloud,
  title={Cloud Computing: benefits, risks and recommendations for information security},
  author={Catteddu, D.},
  journal={Web Application Security},
  pages={17--17},
  year={2010},
  publisher={Springer}
}

@article{brunette2009security,
  title={Security guidance for critical areas of focus in cloud computing v2. 1},
  author={Brunette, G. and Mogull, R.},
  journal={Cloud Security Alliance},
  pages={1--76},
  year={2009}
}

@Misc{IBM,
	title = "KVM: Hypervisor Security You Can Depend On. IBM Linux Technology Center",
	author = "IBM",
	year = "2011",
	note = "Dispon{\'i}vel em: ftp://public.dhe.ibm.com/common/ssi/ecm/en/lxw03004usen/LXW03004USEN.PDF"
}

@book{mather2009cloud,
  title={Cloud security and privacy: an enterprise perspective on risks and compliance},
  author={Mather, T. and Kumaraswamy, S. and Latif, S.},
  year={2009},
  publisher={O'Reilly Media, Incorporated}
}

@article{heiser2008assessing,
  title={Assessing the security risks of cloud computing},
  author={Heiser, J. and Nicolett, M.},
  journal={Gartner Report},
  year={2008}
}

@Misc{CSA,
	title = "Cloud Security Alliance",
	author = "CSA",
	year = "2012",
	note = "Dispon{\'i}vel em: https://cloudsecurityalliance.org/"
}

@article{archer2010top,
  title={Top Threats to Cloud Computing V1. 0},
  author={Archer, J. and Boehme, A. and Cullinane, D. and Kurtz, P. and Puhlmann, N. and Reavis, J.},
  journal={Cloud Security Alliance},
  year={2010}
}

@Misc{FreeBSD,
	title = "FreeBSD Handbook.",
	author = "FreeBSD",
	year = "2012",
	note = "Dispon{\'i}vel em: http://www.freebsd.org/doc/en{\_}US.ISO8859-1/books/handbook/jails.html"
}

@inproceedings{kamp2000jails,
  title={Jails: Confining the omnipotent root},
  author={Kamp, P.H. and Watson, R.N.M.},
  booktitle={Proceedings of the 2nd International SANE Conference},
  volume={41},
  pages={102},
  year={2000}
}

@Misc{Oracle,
	title = "Oracle Solaris Containers.",
	author = "Oracle",
	year = "2012",
	note = "Dispon{\'i}vel em: http://www.oracle.com/technetwork/server-storage/solaris/containers-169727.html"
}

@article{brunnstein1999antivirus,
  title={From antivirus to antimalware software and beyond: another approach to the protection of customers from dysfunctional system behaviour},
  author={Brunnstein, K.},
  journal={Preprint},
  year={1999}
}

@book{skoudis2004malware,
  title={Malware: Fighting malicious code},
  author={Skoudis, E. and Zeltser, L.},
  year={2004},
  publisher={Prentice Hall PTR}
}

@article{beaucamps2007possibility,
  title={On the possibility of practically obfuscating programs towards a unified perspective of code protection},
  author={Beaucamps, P. and Filiol, {\'E}.},
  journal={Journal in Computer Virology},
  volume={3},
  number={1},
  pages={3--21},
  year={2007},
  publisher={Springer}
}

@article{bayer2006dynamic,
  title={Dynamic analysis of malicious code},
  author={Bayer, U. and Moser, A. and Kruegel, C. and Kirda, E.},
  journal={Journal in Computer Virology},
  volume={2},
  number={1},
  pages={67--77},
  year={2006},
  publisher={Springer}
}

@article{kwan2007practical,
  title={Practical uses of virtual machines for protection of sensitive user data},
  author={Kwan, P. and Durfee, G.},
  journal={Information Security Practice and Experience},
  pages={145--161},
  year={2007},
  publisher={Springer}
}

@article{willems2007toward,
  title={Toward automated dynamic malware analysis using cwsandbox},
  author={Willems, C. and Holz, T. and Freiling, F.},
  journal={Security \& Privacy, IEEE},
  volume={5},
  number={2},
  pages={32--39},
  year={2007},
  publisher={IEEE}
}

@article{newman2005server,
  title={Server Consolidation with VMware ESX Server},
  author={Newman, M. and Wiberg, C.M. and Braswell, B.},
  journal={IBM Redpaper publication from},
  year={2005}
}

@inproceedings{fu2005service,
  title={Service migration in distributed virtual machines for adaptive grid computing},
  author={Fu, S. and Xu, C.Z.},
  booktitle={Parallel Processing, 2005. ICPP 2005. International Conference on},
  pages={358--365},
  year={2005},
  organization={IEEE}
}

@Misc{ferre,
	title = "Virtualization on the IBM System x3950 Server.",
	author = "Ferre, M. R. and Pomeroy, D. and Wahlstrom, M. and Watts, D.",
	year = "2006",
	publisher={IBM RedBooks}
}

@Misc{OpenBenchmarking,
	title = "Phoronix Test Suite Tests.",
	author = "OpenBenchmarking",
	year = "2012",
	note = "Dispon{\'i}vel em:http://openbenchmarking.org/tests/pts"
}

@inproceedings{clark2005live,
  title={Live migration of virtual machines},
  author={Clark, C. and Fraser, K. and Hand, S. and Hansen, J.G. and Jul, E. and Limpach, C. and Pratt, I. and Warfield, A.},
  booktitle={Proceedings of the 2nd conference on Symposium on Networked Systems Design \& Implementation-Volume 2},
  pages={273--286},
  year={2005},
  organization={USENIX Association}
}

@article{herder2006reorganizing,
  title={Reorganizing unix for reliability},
  author={Herder, J. and Bos, H. and Gras, B. and Homburg, P. and Tanenbaum, A.},
  journal={Advances in Computer Systems Architecture},
  pages={81--94},
  year={2006},
  publisher={Springer}
}

@inproceedings{levasseur2004unmodified,
  title={Unmodified device driver reuse and improved system dependability via virtual machines},
  author={LeVasseur, J. and Uhlig, V. and Stoess, J. and G{\"o}tz, S.},
  booktitle={Proceedings of the 6th conference on Symposium on Opearting Systems Design \& Implementation},
  volume={6},
  pages={2--2},
  year={2004}
}

@inproceedings{tan2007ikernel,
  title={iKernel: Isolating buggy and malicious device drivers using hardware virtualization support},
  author={Tan, L. and Chan, E.M. and Farivar, R. and Mallick, N. and Carlyle, J.C. and David, F.M. and Campbell, R.H.},
  booktitle={Dependable, Autonomic and Secure Computing, 2007. DASC 2007. Third IEEE International Symposium on},
  pages={134--144},
  year={2007},
  organization={IEEE}
}

@inproceedings{hu2011anomaly,
  title={Anomaly discovery and resolution in web access control policies},
  author={Hu, H. and Ahn, G.J. and Kulkarni, K.},
  booktitle={Proceedings of the 16th ACM symposium on Access control models and technologies},
  pages={165--174},
  year={2011},
  organization={ACM}
}

@inproceedings{marty2011cloud,
  title={Cloud application logging for forensics},
  author={Marty, R.},
  booktitle={Proceedings of the 2011 ACM Symposium on Applied Computing},
  pages={178--184},
  year={2011},
  organization={ACM}
}

@article{khorshed2012survey,
  title={A survey on gaps, threat remediation challenges and some thoughts for proactive attack detection in cloud computing},
  author={Khorshed, M.T. and Ali, ABM and Wasimi, S.A.},
  journal={Future Generation Computer Systems},
  year={2012},
  publisher={Elsevier}
}

@article{yang2012data,
  title={Data storage auditing service in cloud computing: challenges, methods and opportunities},
  author={Yang, K. and Jia, X.},
  journal={World Wide Web},
  volume={15},
  number={4},
  pages={409--428},
  year={2012},
  publisher={Springer}
}

@article{mohammed2011developing,
  title={Developing a secure distributed OSGI cloud computing infrastructure for sharing health records},
  author={Mohammed, S. and Servos, D. and Fiaidhi, J.},
  journal={Autonomous and Intelligent Systems},
  pages={241--252},
  year={2011},
  publisher={Springer}
}

@inproceedings{zhu2011dynamic,
  title={Dynamic audit services for integrity verification of outsourced storages in clouds},
  author={Zhu, Y. and Wang, H. and Hu, Z. and Ahn, G.J. and Hu, H. and Yau, S.S.},
  booktitle={Proceedings of the 2011 ACM Symposium on Applied Computing},
  pages={1550--1557},
  year={2011},
  organization={ACM}
}

@article{khorshed2012survey,
  title={A survey on gaps, threat remediation challenges and some thoughts for proactive attack detection in cloud computing},
  author={Khorshed, M.T. and Ali, ABM and Wasimi, S.A.},
  journal={Future Generation Computer Systems},
  year={2012},
  publisher={Elsevier}
}

@article{provos2009cybercrime,
  title={Cybercrime 2.0: when the cloud turns dark},
  author={Provos, Niels and Rajab, Moheeb Abu and Mavrommatis, Panayiotis},
  journal={Communications of the ACM},
  volume={52},
  number={4},
  pages={42--47},
  year={2009},
  publisher={ACM}
}

@inproceedings{zhao2009botgraph,
  title={BotGraph: Large Scale Spamming Botnet Detection.},
  author={Zhao, Yao and Xie, Yinglian and Yu, Fang and Ke, Qifa and Yu, Yuan and Chen, Yan and Gillum, Eliot},
  booktitle={NSDI},
  volume={9},
  pages={321--334},
  year={2009}
}

@article{dhage2012intrusion,
  title={Intrusion detection system in cloud computing environment},
  author={Dhage, S.N. and Meshram, BB},
  journal={International Journal of Cloud Computing},
  volume={1},
  number={2},
  pages={261--282},
  year={2012},
  publisher={Inderscience}
}

@inproceedings{zhang2011cloudvisor,
  title={CloudVisor: Retrofitting protection of virtual machines in multi-tenant cloud with nested virtualization},
  author={Zhang, F. and Chen, J. and Chen, H. and Zang, B.},
  booktitle={Proceedings of the Twenty-Third ACM Symposium on Operating Systems Principles},
  pages={203--216},
  year={2011},
  organization={ACM}
}

@article{atkinson2002web,
  title={Web services security (WS-Security)},
  author={Atkinson, Bob and Della-Libera, Giovanni and Hada, Satoshi and Hondo, Maryann and Hallam-Baker, Phillip and Klein, Johannes and LaMacchia, Brian and Leach, Paul and Manferdelli, John and Maruyama, Hiroshi and others},
  journal={Specification, Microsoft Corporation},
  year={2002}
}

@article{landwehr2001computer,
  title={Computer security},
  author={Landwehr, Carl E},
  journal={International Journal of Information Security},
  volume={1},
  number={1},
  pages={3--13},
  year={2001},
  publisher={Springer}
}

@article{casola2011cloudgrid,
  title={The CloudGrid approach: Security analysis and performance evaluation},
  author={Casola, V. and Cuomo, A. and Rak, M. and Villano, U.},
  journal={Future Generation Computer Systems},
  year={2011},
  publisher={Elsevier}
}

@article{anceaume2012performance,
  title={Performance evaluation of large-scale dynamic systems},
  author={Anceaume, E. and Ludinard, R. and Sericola, B.},
  journal={ACM SIGMETRICS Performance Evaluation Review},
  volume={39},
  number={4},
  pages={108--117},
  year={2012},
  publisher={ACM}
}

@article{rabiner1986introduction,
  title={An introduction to hidden Markov models},
  author={Rabiner, L. and Juang, B.},
  journal={ASSP Magazine, IEEE},
  volume={3},
  number={1},
  pages={4--16},
  year={1986},
  publisher={IEEE}
}

@article{Santana:1990a,
  title={Advanced Filestore Architeture for a Multiple-Lan Distributed Computing System},
  author={Santana, M. J.},
  school = {Phd thesis, University of Southamptom},
  address = {Southampton - UK},
  year={1990}
}

@inproceedings{deshmukh2014optimized,
  title={Optimized resource stipulation for Video on Demand via Zoneminder},
  author={Deshmukh, Aaradhana A and Mihovska, Albena and Prasad, Ranga},
  booktitle={Wireless Communications, Vehicular Technology, Information Theory and Aerospace \& Electronic Systems (VITAE), 2014 4th International Conference on},
  pages={1--5},
  year={2014},
  organization={IEEE}
}

@inproceedings{yanglidataresources,
  title={Workload Prediction of Virtual Machines for Harnessing Data Center Resources},
  author={Qazi, K. and Yang, L. and Sohn, A.},
  booktitle={Cloud Computing, 2014 IEEE Interntional Conference on},
  pages={1--8},
  year={2014},
  organization={IEEE}
}

@article{rocha2016hybrid,
  title={A hybrid cloud-P2P architecture for multimedia information retrieval on VoD services},
  author={Rocha, Vladimir and Kon, Fabio and Cobe, Raphael and Wassermann, Renata},
  journal={Computing},
  volume={98},
  number={1-2},
  pages={73--92},
  year={2016},
  publisher={Springer}
}

@article{Santana:1990b,
  title={Performance Evaluation of Lan-Based File Server.},
  author={Santana, R. H. C.},
  school = {Phd thesis, University of Southamptom},
  address = {Southampton - UK},
  year={1990}
}


@article{Santana:1997,
  title={Tool and Methodologies for Performance Evaluation of Distributed Computing System - A Comparison Study},
  author={Santana, R. H. C. and Santana, M. J. and Frances, C. R. L. and Orlandi, R. C. G. S.},
  school = {The Proceedings of the 1997, Portland},
  address = {Oregon - USA},
  year={1997}
}
 
@Book{Jain:1991,
	title = "The art of computer systems performance analysis: techniques for experimental design, measurement, simulation, and modeling",
	publisher = "New York, NY, USA, Wiley",
	year = "1991",
	author = "R. Jain"
}

@article{Hofmann:1994,
  title={Distributed performance monitoring: Methods, tools, and applications},
  author={Hofmann, R. and Klar, R. and Mohr, B. and Quick, A. and Siegle, M.},
  journal={Parallel and Distributed Systems, IEEE Transactions on},
  volume={5},
  number={6},
  pages={585--598},
  year={1994},
  publisher={IEEE}
}

@book{Kobayashi:1978,
  title={Modeling and analysis: an introduction to system performance evaluation methodology},
  author={Kobayashi, H.},
  year={1978},
  publisher={Addison-Wesley}
}

@book{buyya2011book,
title={Cloud Computing: Principles and Paradigms},
author={Buyya, R. and Broberg, J. and Goscinski, A.},
year={2011},
publisher={John Wiley \& Sons}
}

@book{sosinsky2011book,
author={Sosinsky, B.},
title={Cloud Computing Bible},
year={2011},
publisher={Wiley Publishing}
}

@article{MacDougall:1987,
  title={Simulating computer systems: techniques and tools},
  author={MacDougall, M.H.},
  year={1987}
}

@book{Soares:1992,
  title={Modelagem e simula{\c{c}}{\~a}o discreta de sistemas},
  author={Soares, L.F.G.},
  year={1992},
  publisher={Campus}
}

@article{Bagrodia:1998,
  title={Parsec: A parallel simulation environment for complex systems},
  author={Bagrodia, R. and Meyer, R. and Takai, M. and Chen, Y. and Zeng, X. and Martin, J. and Song, H.Y.},
  journal={Computer},
  volume={31},
  number={10},
  pages={77--85},
  year={1998},
  publisher={IEEE}
}

@inproceedings{jiang2012performance,
  title={Performance Influence of Live Migration on Multi-Tier Workloads in Virtualization Environments},
  author={Jiang, X. and Yan, F. and Ye, K.},
  booktitle={CLOUD COMPUTING 2012, The Third International Conference on Cloud Computing, GRIDs, and Virtualization},
  pages={72--81},
  year={2012}
}

@book{rescorla2001ssl,
  title={SSL and TLS: designing and building secure systems},
  author={Rescorla, E.},
  volume={1},
  year={2001},
  publisher={Addison-Wesley Reading, Massachusetts}
}

@article{buyyaCloud2008,
  title={Cloud computing and emerging IT platforms: Vision, hype, and reality for delivering computing as the 5th utility},
  author={Buyya, R. and Yeo, C.S. and Venugopal, S. and Broberg, J. and Brandic, I.},
  journal={Future Generation Computer Systems},
  volume={1},
  number={25},
  pages={59--616},
  year={2009},
  publisher={Elsevier}
}

@article{goumasCloud2016,
title={An overview of plataforms for cloud based development},
author={Fylaktopoulos, G. and Goumas, G. and Skolarikis, A. and Sotiropoulos, A. and Maglogiannis, I.},
journal={SpringerPlus},
volume={5},
number={38},
pages={p13},
year={2016},
publisher={Springer}
}

@article{patel2015WorkloadEstimation,
title={Workload Estimation for Improving Resource Management Decisions in the Cloud},
author={Patel, J. and Jindal, V. and Yen, I. and Bastani, F. and Xu, J. and Garraghan, P.},
journal={IEEE Computer Society},
pages={25--32},
year={2015},
publisher={IEEE}
}

@article{almeida2002,
title={Capacity planning an essential tool of managing web services},
author={Almeida, V. A. and Menascé, D.},
journal={IT professional},
volume={4},
number={4},
pages={33--38},
year={2002}
}

@article{baratiVectorHeuristic,
title={A hybrid heuristic-based tuned support vector regression model for cloud load prediction},
author={Barati, M. and Sharifian, S.},
journal={Science+Business Media},
volume={71},
pages={4235--4259},
year={2015},
publisher={Springer}
}

@phdthesis{monks2006,
  title={Planekamento de Capacidade em Redes Corporativas para Implementa{\c{c}}ao de Serviços VoIP},
  author={Monks, E.},
  year={2006},
  school={Dissertação apresentada como requisito parcial para a obtenção do grau de Mestre em Ciência da Computação. Instituto de Informática. Universidade Federal do Rio Grande do Sul}
}

@phdthesis{batista2016principal,
  title={Modelos de negócio para ambientes de computação em nuvem que consideram atributos de qos relacionados a desempenho e segurança},
  author={Guazzelli, B.},
  year={2016},
  pages={p164},
  school={Tese apresentada como parte dos requisitos para obtenção do título de Doutor em Ciências - Ciências de Computação e Matemática Computacional. Instituto de Ciências e Matemáticas e de Computação - ICMC-USP. Universidade de São Paulo - São Carlos}
}

@misc{bezerra2013,
author={Bezerra, C. B.},
title={Predição de cargas para provisionamento de recursos em computação em nuvem},
year={2013},
school={Monografia apresentada como requisito parcial para obtenção do grau de Técnologo em Redes de Computadores. Universidade Federal do Ceará}
}

@inproceedings{duan2011qos,
  title={A QoS architecture for IOT},
  author={Duan, Ren and Chen, Xiaojiang and Xing, Tianzhang},
  booktitle={Internet of Things (iThings/CPSCom), 2011 International Conference on and 4th International Conference on Cyber, Physical and Social Computing},
  pages={717--720},
  year={2011},
  organization={IEEE}
}

@inproceedings{hoang2012optimal,
  title={Optimal admission control policy for mobile cloud computing hotspot with cloudlet},
  author={Hoang, Dinh Thai and Niyato, Dusit and Wang, Ping},
  booktitle={2012 IEEE Wireless Communications and Networking Conference (WCNC)},
  pages={3145--3149},
  year={2012},
  organization={IEEE}
}

@inproceedings{xia2013throughput,
  title={Throughput maximization for online request admissions in mobile cloudlets},
  author={Xia, Qiufen and Liang, Weifa and Xu, Wenzheng},
  booktitle={Local Computer Networks (LCN), 2013 IEEE 38th Conference on},
  pages={589--596},
  year={2013},
  organization={IEEE}
}

@inproceedings{banouar2015monitoring,
  title={Monitoring solution for autonomic Middleware-level QoS management within IoT systems},
  author={Banouar, Yassine and Reddad, Saad and Diop, Cod{\`y} and Chassot, Christophe and Zyane, Abdellah},
  booktitle={Computer Systems and Applications (AICCSA), 2015 IEEE/ACS 12th International Conference of},
  pages={1--8},
  year={2015},
  organization={IEEE}
}

@article{lei2013challenges,
  title={Challenges on wireless heterogeneous networks for mobile cloud computing},
  author={Lei, Lei and Zhong, Zhangdui and Zheng, Kan and Chen, Jiadi and Meng, Hanlin},
  journal={IEEE Wireless Communications},
  volume={20},
  number={3},
  pages={34--44},
  year={2013},
  publisher={IEEE}
}

@article{zhang2016probabilistic,
  title={Probabilistic Analysis on QoS Provisioning for Internet of Things in LTE-A Heterogeneous Networks with Partial Spectrum Usage},
  author={Zhang, Ran and Wang, Miao and Shen, Xuemin and Xie, Liang-liang},
  journal={IEEE Internet of Things Journal},
  volume={3},
  number={3},
  pages={354--365},
  year={2016},
  publisher={IEEE}
}

@inproceedings{nef2012enabling,
  title={Enabling qos in the internet of things},
  author={Nef, Marie-Aur{\'e}lie and Perlepes, Leonidas and Karagiorgou, Sophia and Stamoulis, George I and Kikiras, Panayotis K},
  booktitle={Proc. of the 5th Int. Conf. on Commun., Theory, Reliability, and Quality of Service (CTRQ 2012)},
  pages={33--38},
  year={2012}
}

@inproceedings{aazam2016mefore,
  title={MeFoRE: QoE based resource estimation at Fog to enhance QoS in IoT},
  author={Aazam, Mohammad and St-Hilaire, Marc and Lung, Chung-Horng and Lambadaris, Ioannis},
  booktitle={Telecommunications (ICT), 2016 23rd International Conference on},
  pages={1--5},
  year={2016},
  organization={IEEE}
}

@inproceedings{jin2014iot,
  title={IoT service selection based on physical service model and absolute dominance relationship},
  author={Jin, Xiongnan and Chun, Sejin and Jung, Jooik and Lee, Kyong-Ho},
  booktitle={2014 IEEE 7th International Conference on Service-Oriented Computing and Applications},
  pages={65--72},
  year={2014},
  organization={IEEE}
}

@inproceedings{abuzainab2016cognitive,
  title={Cognitive hierarchy theory for heterogeneous uplink multiple access in the Internet of Things},
  author={Abuzainab, Nof and Saad, Walid and Poor, H Vincent},
  booktitle={Information Theory (ISIT), 2016 IEEE International Symposium on},
  pages={1252--1256},
  year={2016},
  organization={IEEE}
}
